@inproceedings{Pang:2004:PH:1017472.1017478,
 author = {Pang, Andr{\'e} and Stewart, Don and Seefried, Sean and Chakravarty, Manuel M. T.},
 title = {Plugging Haskell in},
 booktitle = {Proceedings of the 2004 ACM SIGPLAN workshop on Haskell},
 series = {Haskell '04},
 year = {2004},
 isbn = {1-58113-850-4},
 location = {Snowbird, Utah, USA},
 pages = {10--21},
 numpages = {12},
 url = {http://doi.acm.org/10.1145/1017472.1017478},
 doi = {10.1145/1017472.1017478},
 acmid = {1017478},
 publisher = {ACM},
 address = {New York, NY, USA},
 keywords = {dynamic loading, dynamic typing, extension languages, functional programming, plugins, staged type inference},
} 

